
@article{Hiemstra2009,
  title = {Information Retrieval Models},
  author = {Djoerd Hiemstra},
  year = {2009},
  journal = {Information Retrieval: Searching in the 21st Century},
  pages = {1--19},
  publisher = {John Wiley \& Sons, Ltd},
  note = {[PDF] from psu.edu},
  date = {2009/10/23}
}

@article{yan2021system,
  title   = {System Design for Recommendations and Search},
  author  = {Yan, Ziyou},
  journal = {eugeneyan.com},
  year    = {2021},
  month   = {Jun},
  url     = {https://eugeneyan.com/writing/system-design-for-discovery/}
}
