%! Author = decarv
%! Date = 8/26/23

%@book{,
%address={},
%author={},
%dimensions={},
%isbn={},
%note={},
%number={},
%pages={},
%publisher={},
%series={},
%title={},
%year={}}
@book{Ceri2013,
  title = {Web Information Retrieval},
  author = {Stefano Ceri and Alessandro Bozzon and Marco Brambilla and Emanuele Della Valle and Piero Fraternali and Silvia Quarteroni},
  year = {2013},
  publisher = {Springer Berlin, Heidelberg},
  series = {Data-Centric Systems and Applications},
  doi = {10.1007/978-3-642-39314-3},
  isbn = {978-3-642-39314-3},
  edition = {1},
  note = {Number of Pages: XIV, 284},
  topics = {Information Storage and Retrieval, Artificial Intelligence, Probability and Statistics in Computer Science, e-Commerce/e-business}
}

