%! Author = decarv
%! Date = 8/27/23

@online{JurafskyMartin2023,
  author    = {Daniel Jurafsky and James H. Martin},
  title     = {Speech and Language Processing: An Introduction to Natural Language Processing, Computational Linguistics, and Speech Recognition},
  edition   = {3},
  year      = {2023},
  institution = {Stanford University, University of Colorado at Boulder},
  url       = {https://web.stanford.edu/~jurafsky/slp3/ed3book_jan72023.pdf}
}